@article{nytimes,
  author = {Boerge Svingen},
  title = {Publishing with Apache Kafka at The New York Times},
  journal = {Confluent},
  year = {2017},
}
